%YAML 1.1
%TAG !u! tag:unity3d.com,2011:
--- !u!241 &24100000
AudioMixerController:
  m_ObjectHideFlags: 0
  m_PrefabParentObject: {fileID: 0}
  m_PrefabInternal: {fileID: 0}
  m_Name: Mixer
  m_OutputGroup: {fileID: 0}
  m_MasterGroup: {fileID: 24300002}
  m_Snapshots:
  - {fileID: 24500006}
  m_StartSnapshot: {fileID: 24500006}
  m_SuspendThreshold: -80
  m_EnableSuspend: 1
  m_UpdateMode: 0
  m_ExposedParameters:
  - guid: 591e8fa1347a2da45839b6ec6c538ea0
    name: MusicVolume
  - guid: 758f84e46681d4e4cb21c2eefbf4e0ed
    name: SoundVolume
  m_AudioMixerGroupViews:
  - guids:
    - 7a1f53b0983cd20429d3526549beecb3
    - d77f2a299a80bbc4a882364c18764d05
    - 535455fd1c61a51468971fc85e41e2d0
    name: View
  m_CurrentViewIndex: 0
  m_TargetSnapshot: {fileID: 24500006}
--- !u!243 &24300002
AudioMixerGroupController:
  m_ObjectHideFlags: 0
  m_PrefabParentObject: {fileID: 0}
  m_PrefabInternal: {fileID: 0}
  m_Name: Master
  m_AudioMixer: {fileID: 24100000}
  m_GroupID: 7a1f53b0983cd20429d3526549beecb3
  m_Children:
  - {fileID: 243472801045865016}
  - {fileID: 243562414225683510}
  m_Volume: 1905ab25b142699448caef302f2212d2
  m_Pitch: e51a5ddddc0521d4e9dbf7f5fa8b52b3
  m_Effects:
  - {fileID: 24400004}
  m_UserColorIndex: 0
  m_Mute: 0
  m_Solo: 0
  m_BypassEffects: 0
--- !u!244 &24400004
AudioMixerEffectController:
  m_ObjectHideFlags: 3
  m_PrefabParentObject: {fileID: 0}
  m_PrefabInternal: {fileID: 0}
  m_Name: 
  m_EffectID: 804f23dc7afe2dd4e856239c816dadbc
  m_EffectName: Attenuation
  m_MixLevel: 9e626ff58800469448cb1c6754f97ed5
  m_Parameters: []
  m_SendTarget: {fileID: 0}
  m_EnableWetMix: 0
  m_Bypass: 0
--- !u!245 &24500006
AudioMixerSnapshotController:
  m_ObjectHideFlags: 0
  m_PrefabParentObject: {fileID: 0}
  m_PrefabInternal: {fileID: 0}
  m_Name: Snapshot
  m_AudioMixer: {fileID: 24100000}
  m_SnapshotID: 28bfa50b3d914484f971471d89674587
  m_FloatValues: {}
  m_TransitionOverrides: {}
--- !u!243 &243472801045865016
AudioMixerGroupController:
  m_ObjectHideFlags: 0
  m_PrefabParentObject: {fileID: 0}
  m_PrefabInternal: {fileID: 0}
  m_Name: Music
  m_AudioMixer: {fileID: 24100000}
  m_GroupID: d77f2a299a80bbc4a882364c18764d05
  m_Children: []
  m_Volume: 591e8fa1347a2da45839b6ec6c538ea0
  m_Pitch: 9a851fd7d3bcddf42bb340d2c71116f4
  m_Effects:
  - {fileID: 244319362173625528}
  m_UserColorIndex: 0
  m_Mute: 0
  m_Solo: 0
  m_BypassEffects: 0
--- !u!243 &243562414225683510
AudioMixerGroupController:
  m_ObjectHideFlags: 0
  m_PrefabParentObject: {fileID: 0}
  m_PrefabInternal: {fileID: 0}
  m_Name: Sound
  m_AudioMixer: {fileID: 24100000}
  m_GroupID: 535455fd1c61a51468971fc85e41e2d0
  m_Children: []
  m_Volume: 758f84e46681d4e4cb21c2eefbf4e0ed
  m_Pitch: 6846db48d1c8a2949a1c3a223518d0f5
  m_Effects:
  - {fileID: 244224753595722204}
  m_UserColorIndex: 0
  m_Mute: 0
  m_Solo: 0
  m_BypassEffects: 0
--- !u!244 &244224753595722204
AudioMixerEffectController:
  m_ObjectHideFlags: 3
  m_PrefabParentObject: {fileID: 0}
  m_PrefabInternal: {fileID: 0}
  m_Name: 
  m_EffectID: 8ad73d41e58264742997f8bc002e402e
  m_EffectName: Attenuation
  m_MixLevel: dfb211694807fab4cb4b91945525f0f5
  m_Parameters: []
  m_SendTarget: {fileID: 0}
  m_EnableWetMix: 0
  m_Bypass: 0
--- !u!244 &244319362173625528
AudioMixerEffectController:
  m_ObjectHideFlags: 3
  m_PrefabParentObject: {fileID: 0}
  m_PrefabInternal: {fileID: 0}
  m_Name: 
  m_EffectID: 98d4a901c92cf6446af942d9cff535c2
  m_EffectName: Attenuation
  m_MixLevel: de25826c16c37b4479315e14ff63ed0d
  m_Parameters: []
  m_SendTarget: {fileID: 0}
  m_EnableWetMix: 0
  m_Bypass: 0
